<record><leader>00000cas a2200000 i 4500</leader><controlfield tag="001">15204963</controlfield><controlfield tag="008">870217d18901978inuwr ne      0    0eng c</controlfield><datafield ind1=" " ind2=" " tag="010"><subfield code="a">sn 87055397 </subfield></datafield><datafield ind1=" " ind2=" " tag="040"><subfield code="a">NPI</subfield><subfield code="b">eng</subfield><subfield code="e">rda</subfield><subfield code="c">NPI</subfield><subfield code="d">OCLCQ</subfield><subfield code="d">IUL</subfield><subfield code="d">OCLCF</subfield></datafield><datafield ind1=" " ind2=" " tag="042"><subfield code="a">pcc</subfield></datafield><datafield ind1=" " ind2=" " tag="043"><subfield code="a">n-us-in</subfield></datafield><datafield ind1="0" ind2="4" tag="245"><subfield code="a">The Covington friend.</subfield></datafield><datafield ind1=" " ind2=" " tag="260"><subfield code="a">Covington, Indiana :</subfield><subfield code="b">J.B. Schwin,</subfield><subfield code="c">-1978.</subfield></datafield><datafield ind1=" " ind2=" " tag="300"><subfield code="a">volumes</subfield></datafield><datafield ind1=" " ind2=" " tag="310"><subfield code="a">Weekly</subfield></datafield><datafield ind1=" " ind2=" " tag="336"><subfield code="a">text</subfield><subfield code="b">txt</subfield><subfield code="2">rdacontent</subfield></datafield><datafield ind1=" " ind2=" " tag="337"><subfield code="a">unmediated</subfield><subfield code="b">n</subfield><subfield code="2">rdamedia</subfield></datafield><datafield ind1=" " ind2=" " tag="338"><subfield code="a">volume</subfield><subfield code="b">nc</subfield><subfield code="2">rdacarrier</subfield></datafield><datafield ind1="1" ind2=" " tag="362"><subfield code="a">Began with Volume XLIX, no. 29 (February 6, 1890)</subfield></datafield><datafield ind1="0" ind2=" " tag="362"><subfield code="a">-no. 71 (May 18, 1978).</subfield></datafield><datafield ind1=" " ind2=" " tag="500"><subfield code="a">Published by: Schwin &amp; Douglass, &lt;1895-&gt;</subfield></datafield><datafield ind1=" " ind2=" " tag="515"><subfield code="a">Between 1976 and 1978, numbering changed from a volume designation to "established in 1840" plus a weekly numbering designation.</subfield></datafield><datafield ind1=" " ind2=" " tag="580"><subfield code="a">Issues also in a daily version, &lt;1892&gt;.</subfield></datafield><datafield ind1=" " ind2=" " tag="588"><subfield code="a">Description based on: Volume XLIX, no. 29 (February 6, 1890); title from masthead, U.S. Newspaper Archive (viewed Aug. 17, 2017).</subfield></datafield><datafield ind1=" " ind2="0" tag="651"><subfield code="a">Covington (Ind.)</subfield><subfield code="v">Newspapers.</subfield></datafield><datafield ind1=" " ind2="0" tag="651"><subfield code="a">Fountain County (Ind.)</subfield><subfield code="v">Newspapers.</subfield></datafield><datafield ind1=" " ind2="7" tag="651"><subfield code="a">Indiana</subfield><subfield code="z">Covington.</subfield><subfield code="2">fast</subfield><subfield code="0">(OCoLC)fst01257071</subfield></datafield><datafield ind1=" " ind2="7" tag="651"><subfield code="a">Indiana</subfield><subfield code="z">Fountain County.</subfield><subfield code="2">fast</subfield><subfield code="0">(OCoLC)fst01210374</subfield></datafield><datafield ind1=" " ind2="7" tag="655"><subfield code="a">Newspapers.</subfield><subfield code="2">fast</subfield><subfield code="0">(OCoLC)fst01423814</subfield></datafield><datafield ind1=" " ind2=" " tag="752"><subfield code="a">United States</subfield><subfield code="b">Indiana</subfield><subfield code="c">Fountain</subfield><subfield code="d">Covington.</subfield></datafield><datafield ind1="0" ind2="0" tag="780"><subfield code="t">People's friend (Covington, Ind.)</subfield><subfield code="w">(DLC)sn 82015353</subfield><subfield code="w">(OCoLC)8808028</subfield></datafield><datafield ind1="0" ind2="7" tag="785"><subfield code="t">Fountain messenger</subfield></datafield><datafield ind1="0" ind2="7" tag="785"><subfield code="t">Friend (Attica, Ind.)</subfield><subfield code="w">(DLC)sn 87055398</subfield><subfield code="w">(OCoLC)15204663</subfield></datafield><datafield ind1="1" ind2=" " tag="787"><subfield code="t">Covington daily friend</subfield><subfield code="w">(DLC)  2017238430</subfield><subfield code="w">(OCoLC)1001295347</subfield></datafield><datafield ind1="4" ind2="1" tag="856"><subfield code="u">https://access.newspaperarchive.com/us/indiana/covington/covington-friend/</subfield></datafield></record>